<?xml version="1.0" encoding="UTF-8"?><collection xmlns="http://www.loc.gov/MARC21/slim"><record><leader>00522nam--2200193-i-4500</leader><controlfield tag="001">000014668</controlfield><controlfield tag="002">20161230</controlfield><controlfield tag="005">20161230201030</controlfield><controlfield tag="008">060222s1000------------r-----000-0-ger-d</controlfield><datafield ind1=" " ind2=" " tag="040"><subfield code="a">IFIN-HH</subfield></datafield><datafield ind1=" " ind2=" " tag="041"><subfield code="a">ger</subfield></datafield><datafield ind1=" " ind2=" " tag="080"><subfield code="a">537.635</subfield></datafield><datafield ind1="1" ind2=" " tag="100"><subfield code="a">Altschuler, S.A</subfield></datafield><datafield ind1="1" ind2="0" tag="245"><subfield code="a">Paramagnetische elektronenresonanz</subfield><subfield code="c">S.a. altschuler, b.m. kosyrew</subfield></datafield><datafield ind1=" " ind2=" " tag="260"><subfield code="a">Leipzig</subfield><subfield code="b">B.G.Teubner Verlagsgesellschaft</subfield><subfield code="c">1963</subfield></datafield><datafield ind1=" " ind2=" " tag="300"><subfield code="a">VII + 383P</subfield></datafield><datafield ind1="1" ind2=" " tag="700"><subfield code="a">Kosyrew, B.M</subfield></datafield><datafield ind1=" " ind2=" " tag="852"><subfield code="a">75164</subfield><subfield code="c">539.143.43</subfield></datafield><datafield ind1=" " ind2=" " tag="CAT"><subfield code="a">Sys</subfield><subfield code="c">20120511</subfield><subfield code="h">185721</subfield></datafield></record></collection>